<record><leader>00000cas a2200000 a 4500</leader><controlfield tag="001">13390368</controlfield><controlfield tag="008">860404d19821988dcuwr ne      0   a0eng d</controlfield><datafield ind1=" " ind2=" " tag="010"><subfield code="a">sn 98068308 </subfield></datafield><datafield ind1=" " ind2=" " tag="040"><subfield code="a">MDS</subfield><subfield code="b">eng</subfield><subfield code="c">MDS</subfield><subfield code="d">MFN</subfield><subfield code="d">NVK</subfield><subfield code="d">DCN</subfield><subfield code="d">OCL</subfield><subfield code="d">OCLCQ</subfield><subfield code="d">OCLCF</subfield><subfield code="d">OCLCO</subfield></datafield><datafield ind1="1" ind2=" " tag="029"><subfield code="a">AU@</subfield><subfield code="b">000013766550</subfield></datafield><datafield ind1=" " ind2=" " tag="042"><subfield code="a">msc</subfield></datafield><datafield ind1=" " ind2=" " tag="043"><subfield code="a">n-us-dc</subfield></datafield><datafield ind1="0" ind2=" " tag="130"><subfield code="a">City paper (Washington, D.C.)</subfield></datafield><datafield ind1="1" ind2="0" tag="245"><subfield code="a">City paper.</subfield></datafield><datafield ind1=" " ind2=" " tag="260"><subfield code="a">Washington, D.C. :</subfield><subfield code="b">1981, Inc.,</subfield><subfield code="c">1982-1988.</subfield></datafield><datafield ind1=" " ind2=" " tag="300"><subfield code="a">v.</subfield></datafield><datafield ind1=" " ind2=" " tag="310"><subfield code="a">Weekly</subfield></datafield><datafield ind1="1" ind2=" " tag="362"><subfield code="a">Began in 1982.</subfield></datafield><datafield ind1="0" ind2=" " tag="362"><subfield code="a">-v. 8, no. 34 (Aug. 26-Sept. 1, 1988).</subfield></datafield><datafield ind1=" " ind2=" " tag="500"><subfield code="a">Publisher varies: 1981, Inc., &lt;1981&gt;; Washington Free Weekly, Inc., &lt;1984&gt;</subfield></datafield><datafield ind1=" " ind2=" " tag="500"><subfield code="a">Began in 1981 under title 1981, Washington's alternative newspaper.</subfield></datafield><datafield ind1=" " ind2=" " tag="588"><subfield code="a">Description based on: Vol. 3, no. 19 (May 20-26, 1983).</subfield></datafield><datafield ind1=" " ind2="0" tag="651"><subfield code="a">Washington (D.C.)</subfield><subfield code="v">Newspapers.</subfield></datafield><datafield ind1=" " ind2="7" tag="655"><subfield code="a">Newspapers.</subfield><subfield code="2">fast</subfield><subfield code="0">(OCoLC)fst01423814</subfield></datafield><datafield ind1=" " ind2="7" tag="651"><subfield code="a">Washington (D.C.)</subfield><subfield code="2">fast</subfield><subfield code="0">(OCoLC)fst01204505</subfield></datafield><datafield ind1=" " ind2=" " tag="752"><subfield code="a">United States</subfield><subfield code="b">District of Columbia</subfield><subfield code="d">Washington.</subfield></datafield><datafield ind1="0" ind2="0" tag="780"><subfield code="t">1981</subfield><subfield code="w">(DLC)sn 00061250</subfield><subfield code="w">(OCoLC)44776772</subfield></datafield><datafield ind1="0" ind2="0" tag="785"><subfield code="t">Washington city paper</subfield><subfield code="w">(DLC)sn 98062552</subfield><subfield code="w">(OCoLC)39653406</subfield></datafield></record>